<?xml version="1.0" encoding="UTF-8"?><collection xmlns="http://www.loc.gov/MARC21/slim"><record><leader>00437nam--2200145-i-4500</leader><controlfield tag="001">000002862</controlfield><controlfield tag="002">20161230</controlfield><controlfield tag="005">20161230201025</controlfield><controlfield tag="008">060222s1000------------r-----000-0-eng-d</controlfield><datafield ind1=" " ind2=" " tag="080"><subfield code="a">541.64</subfield></datafield><datafield ind1=" " ind2=" " tag="100"><subfield code="a">Berry, J.P.,/S.A.</subfield></datafield><datafield ind1=" " ind2=" " tag="245"><subfield code="a">Theory und molekylare deutung technologischer eigenschaften von hochpolymeren werkstoffen</subfield></datafield><datafield ind1=" " ind2=" " tag="260"><subfield code="a">Berlin, Springer-verlag, 1956, Xx + 667 P</subfield></datafield><datafield ind1=" " ind2=" " tag="490"><subfield code="a">Die Physik Der Hochpolumeren</subfield></datafield><datafield ind1=" " ind2=" " tag="852"><subfield code="a">10051</subfield></datafield></record></collection>